@Book{BetriebssystemeKompakt,
  author    = {Christian Braun},
  publisher = {Springer Berlin Heidelberg},
  title     = {Betriebssysteme kompakt},
  chapter   = {Prozessverwaltung},
  pages     = {149 -- 171},
  year      = {2020},
  isbn      = {9783662614112}
}

@misc{Prozesse:Mandl,
  author       = {Prof. Dr. Peter Mandl},
  title        = {Prozesse und Threads},
  year         = {2015},
  howpublished = {\url{https://www.wirtschaftsinformatik-muenchen.de/wp-content/uploads/Peter%20Mandl/Lehrveranstaltungen/SoSe%2015/Wirtschaftsinformatik/05_Prozesse_und_Threads.pdf}},
}

@misc{Scheduling:Williams,
  author       = {Lawrence Williams},
  title        = {CPU Scheduling Algorithms in Operating Systems},
  year         = {2022},
  howpublished = {\url{https://www.guru99.com/cpu-scheduling-algorithms.html#:~:text=Six%20types%20of%20process%20scheduling%20algorithms%20are%3A%20First%20Come%20First,%2C%206)%20Multilevel%20Queue%20Scheduling.}},
}

@misc{CFS:Rebeiro,
  author       = {Prof. Chester Rebeiro},
  title        = {Lecture 22 Completely Fair Scheduling},
  year         = {2017},
  howpublished = {\url{https://www.youtube.com/watch?v=scfDOof9pww}},
}

@misc{Scheduler:Chidambaram,
  author       = {Prof. Vijay Chidambaram},
  title        = {Linux Kernel Scheduler},
  year         = {2020},
  howpublished = {\url{https://www.youtube.com/watch?v=Jl_0W4o0xao}},
}


@misc{tickles:Love,
  author       = {Robert Love},
  title        = {What is a tickless kernel?},
  year         = {2013},
  howpublished = {\url{https://www.quora.com/What-is-a-tickless-kernel}},
}

@misc{Scheduler:Kerrisk,
  author       = {Michael Kerrisk},
  title        = {sched - overview of CPU scheduling},
  year         = {2021},
  howpublished = {\url{https://man7.org/linux/man-pages/man7/sched.7.html}},
}

@misc{Scheduler:James,
  author       = {Sojan James},
  title        = {Understanding Linux Scheduling},
  year         = {2014},
  howpublished = {\url{https://www.linkedin.com/pulse/20140629145049-21586023-understanding-linux-scheduling}},
}

@misc{LinuxDoc:Torvalds,
  author       = {Linus Torvalds},
  title        = {Linux Documentation},
  year         = {2022},
  howpublished = {\url{https://github.com/torvalds/linux/tree/master/Documentation/scheduler}},
}

@misc{LinuxKernel:Torvalds,
  author       = {Linus Torvalds},
  title        = {Linux Kernel},
  year         = {2022},
  howpublished = {\url{https://github.com/torvalds/linux/tree/master/kernel/sched}},
}

@misc{Threads:Dusey,
  author       = {Aniket Dusey},
  title        = {Threads and its types in Operating System},
  year         = {2021},
  howpublished = {\url{https://www.geeksforgeeks.org/threads-and-its-types-in-operating-system/}},
}
@Comment{jabref-meta: databaseType:bibtex;}